<record><leader>00000cas a2200000 a 4500</leader><controlfield tag="001">9669611</controlfield><controlfield tag="008">830705d19211924mtuwr ne      0   a0eng c</controlfield><datafield ind1=" " ind2=" " tag="010"><subfield code="a">sn 83045051 </subfield></datafield><datafield ind1=" " ind2=" " tag="040"><subfield code="a">CRL</subfield><subfield code="b">eng</subfield><subfield code="c">CRL</subfield><subfield code="d">NPW</subfield><subfield code="d">MTL</subfield><subfield code="d">NPW</subfield><subfield code="d">MTL</subfield><subfield code="d">EYM</subfield><subfield code="d">CRL</subfield><subfield code="d">OCLCQ</subfield><subfield code="d">OCLCF</subfield><subfield code="d">OCLCO</subfield></datafield><datafield ind1="1" ind2=" " tag="029"><subfield code="a">AU@</subfield><subfield code="b">000020419478</subfield></datafield><datafield ind1=" " ind2=" " tag="042"><subfield code="a">pcc</subfield></datafield><datafield ind1=" " ind2=" " tag="043"><subfield code="a">n-us---</subfield><subfield code="a">n-us-mt</subfield></datafield><datafield ind1="0" ind2="4" tag="245"><subfield code="a">The Butte bulletin.</subfield></datafield><datafield ind1=" " ind2=" " tag="260"><subfield code="a">Butte, Mont. :</subfield><subfield code="b">Bulletin Pub. Co.,</subfield><subfield code="c">1921-1924.</subfield></datafield><datafield ind1=" " ind2=" " tag="300"><subfield code="a">4 v. ;</subfield><subfield code="c">29-56 cm.</subfield></datafield><datafield ind1=" " ind2=" " tag="310"><subfield code="a">Weekly</subfield></datafield><datafield ind1="0" ind2=" " tag="362"><subfield code="a">Vol. 3, no. 245 (June 10, 1921)-v. 6, no. 20 (Jan. 11, 1924).</subfield></datafield><datafield ind1=" " ind2=" " tag="500"><subfield code="a">Motto: "We preach the class struggle in the interests of the workers as a class."</subfield></datafield><datafield ind1=" " ind2=" " tag="515"><subfield code="a">None published, Apr. 8-July 27, 1922; Dec. 1-20, 1923.</subfield></datafield><datafield ind1=" " ind2=" " tag="530"><subfield code="a">Available on microfilm from Micro Photo Division, Bell and Howell.</subfield></datafield><datafield ind1=" " ind2=" " tag="550"><subfield code="a">Official organ of: Montana State Federation of Labor; Metal Trades Council of Butte; Silver Bow Trades and Labor Assembly; State Metal Trades Council; and Montana World War Veterans, Inc.</subfield></datafield><datafield ind1=" " ind2="0" tag="650"><subfield code="a">Working class</subfield><subfield code="z">United States</subfield><subfield code="v">Newspapers.</subfield></datafield><datafield ind1=" " ind2="0" tag="650"><subfield code="a">Working class</subfield><subfield code="z">Montana</subfield><subfield code="v">Newspapers.</subfield></datafield><datafield ind1=" " ind2="0" tag="650"><subfield code="a">Labor</subfield><subfield code="z">Montana</subfield><subfield code="v">Newspapers.</subfield></datafield><datafield ind1=" " ind2="7" tag="655"><subfield code="a">Newspapers.</subfield><subfield code="2">fast</subfield><subfield code="0">(OCoLC)fst01423814</subfield></datafield><datafield ind1=" " ind2="7" tag="650"><subfield code="a">Labor.</subfield><subfield code="2">fast</subfield><subfield code="0">(OCoLC)fst00989798</subfield></datafield><datafield ind1=" " ind2="7" tag="650"><subfield code="a">Working class.</subfield><subfield code="2">fast</subfield><subfield code="0">(OCoLC)fst01180418</subfield></datafield><datafield ind1=" " ind2="7" tag="651"><subfield code="a">Montana.</subfield><subfield code="2">fast</subfield><subfield code="0">(OCoLC)fst01207555</subfield></datafield><datafield ind1=" " ind2="7" tag="651"><subfield code="a">United States.</subfield><subfield code="2">fast</subfield><subfield code="0">(OCoLC)fst01204155</subfield></datafield><datafield ind1="2" ind2=" " tag="710"><subfield code="a">Montana State Federation of Labor.</subfield></datafield><datafield ind1="2" ind2=" " tag="710"><subfield code="a">Metal Trades Council of Butte (Mont.)</subfield></datafield><datafield ind1="2" ind2=" " tag="710"><subfield code="a">Silver Bow Trades and Labor Assembly (Mont.)</subfield></datafield><datafield ind1="2" ind2=" " tag="710"><subfield code="a">State Metal Trades Council (Mont.)</subfield></datafield><datafield ind1="2" ind2=" " tag="710"><subfield code="a">Montana World War Veterans, Inc.</subfield></datafield><datafield ind1=" " ind2=" " tag="752"><subfield code="a">United States</subfield><subfield code="b">Montana</subfield><subfield code="c">Silver Bow</subfield><subfield code="d">Butte.</subfield></datafield><datafield ind1="0" ind2="0" tag="780"><subfield code="t">Butte daily bulletin (Butte, Mont. : 1918)</subfield><subfield code="w">(DLC)sn 83045085</subfield><subfield code="w">(OCoLC)9696223</subfield></datafield><datafield ind1="0" ind2="0" tag="785"><subfield code="t">Labor bulletin (Butte, Mont.)</subfield><subfield code="w">(DLC)sn 84036027</subfield><subfield code="w">(OCoLC)10439881</subfield></datafield></record>